@book{coleman1966medical,
  title={Medical innovation: A diffusion study},
  author={Coleman, James Samuel and Katz, Elihu and Menzel, Herbert},
  year={1966},
  publisher={Bobbs-Merrill Co}
} % innovation propagation


@article{bass1976new,
  title={A new product growth model for consumer durables, Mathematical Models in Marketing},
  author={Bass, FM},
  journal={Lecture Notes in Economics and Mathematical Systems},
  volume={132},
  pages={351--253},
  year={1976}
} % viral marketing

@article{chen2016combinatorial,
  title={Combinatorial multi-armed bandit and its extension to probabilistically triggered arms},
  author={Chen, Wei and Wang, Yajun and Yuan, Yang and Wang, Qinshi},
  journal={The Journal of Machine Learning Research},
  volume={17},
  number={1},
  pages={1746--1778},
  year={2016},
  publisher={JMLR. org}
} % CMAB for OIM

@inproceedings{domingos2001mining,
  title={Mining the network value of customers},
  author={Domingos, Pedro and Richardson, Matt},
  booktitle={Proceedings of the seventh ACM SIGKDD international conference on Knowledge discovery and data mining},
  pages={57--66},
  year={2001},
  organization={ACM}
} % OIM analysis, NP-hardness

@inproceedings{lei2015online,
  title={Online influence maximization},
  author={Lei, Siyu and Maniu, Silviu and Mo, Luyi and Cheng, Reynold and Senellart, Pierre},
  booktitle={Proceedings of the 21th ACM SIGKDD International Conference on Knowledge Discovery and Data Mining},
  pages={645--654},
  year={2015},
  organization={ACM}
} % UCB algorithm

@inproceedings{wang2017improving,
  title={Improving regret bounds for combinatorial semi-bandits with probabilistically triggered arms and its applications},
  author={Wang, Qinshi and Chen, Wei},
  booktitle={Advances in Neural Information Processing Systems},
  pages={1161--1171},
  year={2017}
} % our article (CMAB-T)

@article{leskovec2015snap, 
  title={$\{$SNAP Datasets$\}$:$\{$Stanford$\}$ Large Network Dataset Collection},
  author={Leskovec, Jure and Krevl, Andrej},
  year={2015}
} % SNAP dataset

@inproceedings{kempe2003maximizing,
  title={Maximizing the spread of influence through a social network},
  author={Kempe, David and Kleinberg, Jon and Tardos, {\'E}va},
  booktitle={Proceedings of the ninth ACM SIGKDD international conference on Knowledge discovery and data mining},
  pages={137--146},
  year={2003},
  organization={ACM}
} % first formulation of IM

@inproceedings{borgs2014maximizing,
  title={Maximizing social influence in nearly optimal time},
  author={Borgs, Christian and Brautbar, Michael and Chayes, Jennifer and Lucier, Brendan},
  booktitle={Proceedings of the twenty-fifth annual ACM-SIAM symposium on Discrete algorithms},
  pages={946--957},
  year={2014},
  organization={SIAM}
} % Borgs et al. oracle (IM)

@inproceedings{tang2014influence,
  title={Influence maximization: Near-optimal time complexity meets practical efficiency},
  author={Tang, Youze and Xiao, Xiaokui and Shi, Yanchen},
  booktitle={Proceedings of the 2014 ACM SIGMOD international conference on Management of data},
  pages={75--86},
  year={2014},
  organization={ACM}
} % oracle

@inproceedings{li2010contextual,
  title={A contextual-bandit approach to personalized news article recommendation},
  author={Li, Lihong and Chu, Wei and Langford, John and Schapire, Robert E},
  booktitle={Proceedings of the 19th international conference on World wide web},
  pages={661--670},
  year={2010},
  organization={ACM}
} % linUCB


@article{thompson1933likelihood,
  title={On the likelihood that one unknown probability exceeds another in view of the evidence of two samples},
  author={Thompson, William R},
  journal={Biometrika},
  volume={25},
  number={3/4},
  pages={285--294},
  year={1933},
  publisher={JSTOR}
} % thompson sampling algorithm


@inproceedings{kveton2015tight,
  title={Tight regret bounds for stochastic combinatorial semi-bandits},
  author={Kveton, Branislav and Wen, Zheng and Ashkan, Azin and Szepesvari, Csaba},
  booktitle={Artificial Intelligence and Statistics},
  pages={535--543},
  year={2015}
} % origin of TPM condition

@inproceedings{kveton2015combinatorial,
  title={Combinatorial cascading bandits},
  author={Kveton, Branislav and Wen, Zheng and Ashkan, Azin and Szepesvari, Csaba},
  booktitle={Advances in Neural Information Processing Systems},
  pages={1450--1458},
  year={2015}
} % some cascading bandit paper

@article{wen2016online,
  title={Online influence maximization under independent cascade model with semi-bandit feedback},
  author={Wen, Zheng and Kveton, Branislav and Valko, Michal and Vaswani, Sharan},
  journal={arXiv preprint arXiv:1605.06593},
  year={2016}
} % some OIM result

